@misc{pdu_wiki,
    author = "Wikipedia",
    title = "{P}rotocol data unit",
    year = "2013",
    url = {http://en.wikipedia.org/wiki/Protocol_data_unit}
    note = "[Online; accessed 17-April-2013]"
}
